@ONLINE{example-tag,
  author = {{The Author}},
  year = {1st of {J}anuary of 1970},
  url = {https://www.google.com}
}